@misc{devos2014,
  title ={Bionic vs Glibc Report},
  author = {Devos, Mathieu},
  year = {2014},
  url = {http://irati.eu/wp-content/uploads/2012/07/bionic_report.pdf}
}

@article{shanker2011,
  title = {Android porting concepts},
  author = {Shanker, Abhyudai and Lal, Somya},
  year = {2011},
  url = {http://p0-uni.googlecode.com/svn/trunk/p0-uni/Artikler/Android Porting Concepts.pdf}
}

@misc{swebok,
  title = {Guide to the Software Engineering Body of Knowledge},
  author = {IEEE},
  year = {2014},
  url = {http://www.computer.org/portal/web/swebok/swebokv3}
}

@misc{googledev,
  title = {Google guide to android development},
  author = {Android Developers},
  url = {http://developer.android.com/develop/index.html}
}

@article{heuser2014,
  title = {ASM: A programmable Interface for Extending Android Security},
  author = {Heuser, Stephan and Nadkarni, Adwait and Enck, Willian and Sadeghi, Ahmad-Reza},
  year = {2014},
  url = {http://www.icri-sc.org/fileadmin/user_upload/Group_TRUST/PubsPDF/heuser-sec14.pdf}
}

@monography{androidarch2010,
  author={Brahler, Stefan},
  pages={52},
  school={Universitat des Landes Baden},
  title={Analysis of the Android Architecture},
  year={2010}
}